<metadata>
    <m:record>
        <m:leader>-----nam-a22------i-4500</m:leader>
        <m:controlfield tag="001">kpm01361543</m:controlfield>
        <m:controlfield tag="003">CZ-PrHAC</m:controlfield>
        <m:controlfield tag="005">20180822212138.1</m:controlfield>
        <m:controlfield tag="007">ta</m:controlfield>
        <m:controlfield tag="008">151126s2015----xr ||||e||||||001|0dcze||</m:controlfield>
        <m:datafield tag="020" ind1=" " ind2=" ">
            <m:subfield code="a">978-80-7017-223-0</m:subfield>
            <m:subfield code="q">(brožováno)</m:subfield>
        </m:datafield>
        <m:datafield tag="040" ind1=" " ind2=" ">
            <m:subfield code="a">ABA001</m:subfield>
            <m:subfield code="b">cze</m:subfield>
            <m:subfield code="e">rda</m:subfield>
        </m:datafield>
        <m:datafield tag="041" ind1="1" ind2=" ">
            <m:subfield code="a">cze</m:subfield>
            <m:subfield code="h">lat</m:subfield>
        </m:datafield>
        <m:datafield tag="043" ind1=" " ind2=" ">
            <m:subfield code="a">e-xr---</m:subfield>
        </m:datafield>
        <m:datafield tag="045" ind1=" " ind2=" ">
            <m:subfield code="a">s0s1</m:subfield>
        </m:datafield>
        <m:datafield tag="072" ind1=" " ind2="7">
            <m:subfield code="a">27-1/-2</m:subfield>
            <m:subfield code="x">Křesťanská teologie. Dogmatická teologie</m:subfield>
            <m:subfield code="2">Konspekt</m:subfield>
            <m:subfield code="9">5</m:subfield>
        </m:datafield>
        <m:datafield tag="080" ind1=" " ind2=" ">
            <m:subfield code="a">27-1-051</m:subfield>
            <m:subfield code="2">MRF</m:subfield>
        </m:datafield>
        <m:datafield tag="080" ind1=" " ind2=" ">
            <m:subfield code="a">27-337</m:subfield>
            <m:subfield code="2">MRF</m:subfield>
        </m:datafield>
        <m:datafield tag="080" ind1=" " ind2=" ">
            <m:subfield code="a">27-1</m:subfield>
            <m:subfield code="2">MRF</m:subfield>
        </m:datafield>
        <m:datafield tag="080" ind1=" " ind2=" ">
            <m:subfield code="a">27-285.4</m:subfield>
            <m:subfield code="2">MRF</m:subfield>
        </m:datafield>
        <m:datafield tag="080" ind1=" " ind2=" ">
            <m:subfield code="a">141.31</m:subfield>
            <m:subfield code="2">MRF</m:subfield>
        </m:datafield>
        <m:datafield tag="080" ind1=" " ind2=" ">
            <m:subfield code="a">27-87</m:subfield>
            <m:subfield code="2">MRF</m:subfield>
        </m:datafield>
        <m:datafield tag="080" ind1=" " ind2=" ">
            <m:subfield code="a">2:316.644</m:subfield>
            <m:subfield code="2">MRF</m:subfield>
        </m:datafield>
        <m:datafield tag="080" ind1=" " ind2=" ">
            <m:subfield code="a">(437.3)</m:subfield>
            <m:subfield code="2">MRF</m:subfield>
        </m:datafield>
        <m:datafield tag="080" ind1=" " ind2=" ">
            <m:subfield code="a">(049)</m:subfield>
            <m:subfield code="2">MRF</m:subfield>
        </m:datafield>
        <m:datafield tag="080" ind1=" " ind2=" ">
            <m:subfield code="a">(0.027)</m:subfield>
            <m:subfield code="2">MRF</m:subfield>
        </m:datafield>
        <m:datafield tag="080" ind1=" " ind2=" ">
            <m:subfield code="a">(048.8)</m:subfield>
            <m:subfield code="2">MRF</m:subfield>
        </m:datafield>
        <m:datafield tag="100" ind1="1" ind2=" ">
            <m:subfield code="a">Hus, Jan,</m:subfield>
            <m:subfield code="d">asi 1371-1415</m:subfield>
            <m:subfield code="7">jk01043287</m:subfield>
            <m:subfield code="4">aut</m:subfield>
            <m:subfield code="e">Autor</m:subfield>
        </m:datafield>
        <m:datafield tag="240" ind1="1" ind2="0">
            <m:subfield code="a">De libris haereticorum legendis.</m:subfield>
            <m:subfield code="l">Česky</m:subfield>
            <m:subfield code="7">aun2015894968</m:subfield>
        </m:datafield>
        <m:datafield tag="245" ind1="1" ind2="0">
            <m:subfield code="a">Knihy kacířů se mají číst /</m:subfield>
            <m:subfield code="c">Mistr Jan Hus ; z latinského originálu poprvé přeložil a doprovodným slovem opatřil Martin Wernisch</m:subfield>
        </m:datafield>
        <m:datafield tag="250" ind1=" " ind2=" ">
            <m:subfield code="a">První vydání</m:subfield>
        </m:datafield>
        <m:datafield tag="264" ind1=" " ind2="1">
            <m:subfield code="a">Praha :</m:subfield>
            <m:subfield code="b">Kalich,</m:subfield>
            <m:subfield code="c">2015</m:subfield>
        </m:datafield>
        <m:datafield tag="300" ind1=" " ind2=" ">
            <m:subfield code="a">93 stran</m:subfield>
        </m:datafield>
        <m:datafield tag="336" ind1=" " ind2=" ">
            <m:subfield code="a">text</m:subfield>
            <m:subfield code="b">txt</m:subfield>
            <m:subfield code="2">rdacontent</m:subfield>
        </m:datafield>
        <m:datafield tag="337" ind1=" " ind2=" ">
            <m:subfield code="a">bez média</m:subfield>
            <m:subfield code="b">n</m:subfield>
            <m:subfield code="2">rdamedia</m:subfield>
        </m:datafield>
        <m:datafield tag="338" ind1=" " ind2=" ">
            <m:subfield code="a">svazek</m:subfield>
            <m:subfield code="b">nc</m:subfield>
            <m:subfield code="2">rdacarrier</m:subfield>
        </m:datafield>
        <m:datafield tag="504" ind1=" " ind2=" ">
            <m:subfield code="a">Obsahuje bibliografické odkazy a rejstřík</m:subfield>
        </m:datafield>
        <m:datafield tag="600" ind1="1" ind2="4">
            <m:subfield code="a">Hus, Jan,</m:subfield>
            <m:subfield code="d">asi 1371-1415</m:subfield>
            <m:subfield code="7">jk01043287</m:subfield>
        </m:datafield>
        <m:datafield tag="653" ind1=" " ind2=" ">
            <m:subfield code="a">myšlení náboženské</m:subfield>
        </m:datafield>
        <m:datafield tag="653" ind1=" " ind2=" ">
            <m:subfield code="a">reformátoři</m:subfield>
        </m:datafield>
        <m:datafield tag="653" ind1=" " ind2=" ">
            <m:subfield code="a">teologie křesťanská</m:subfield>
        </m:datafield>
        <m:datafield tag="653" ind1=" " ind2=" ">
            <m:subfield code="a">scholastika</m:subfield>
        </m:datafield>
        <m:datafield tag="655" ind1=" " ind2="7">
            <m:subfield code="a">pojednání</m:subfield>
        </m:datafield>
        <m:datafield tag="655" ind1=" " ind2="7">
            <m:subfield code="a">edice</m:subfield>
        </m:datafield>
        <m:datafield tag="655" ind1=" " ind2="7">
            <m:subfield code="a">studie</m:subfield>
        </m:datafield>
        <m:datafield tag="659" ind1=" " ind2=" ">
            <m:subfield code="a">ybda</m:subfield>
            <m:subfield code="x">české země 1306-1419</m:subfield>
        </m:datafield>
        <m:datafield tag="659" ind1=" " ind2=" ">
            <m:subfield code="a">rrf</m:subfield>
            <m:subfield code="x">teologie, ikonografie, zbožnost, hagiografie</m:subfield>
        </m:datafield>
        <m:datafield tag="700" ind1="1" ind2=" ">
            <m:subfield code="a">Wernisch, Martin,</m:subfield>
            <m:subfield code="d">1962-</m:subfield>
            <m:subfield code="7">jo20010088863</m:subfield>
            <m:subfield code="4">aui</m:subfield>
            <m:subfield code="4">trl</m:subfield>
            <m:subfield code="e">Autor úvodu atd.</m:subfield>
            <m:subfield code="e">Překladatel</m:subfield>
        </m:datafield>
        <m:datafield tag="787" ind1="0" ind2="8">
            <m:subfield code="i">Recenze:</m:subfield>
            <m:subfield code="a">Hrdlička, Jaroslav,</m:subfield>
            <m:subfield code="t">Theologická revue</m:subfield>
            <m:subfield code="d">(2017),</m:subfield>
            <m:subfield code="g">Roč. 88, č. 4, s. 512-514</m:subfield>
            <m:subfield code="z">978-80-7017-223-0</m:subfield>
        </m:datafield>
        <m:datafield tag="901" ind1=" " ind2=" ">
            <m:subfield code="b">9788070172230</m:subfield>
            <m:subfield code="f">1. vydání</m:subfield>
            <m:subfield code="o">20151209</m:subfield>
        </m:datafield>
        <m:datafield tag="910" ind1=" " ind2=" ">
            <m:subfield code="a">ABB115</m:subfield>
        </m:datafield>
    </m:record>
</metadata>